@article{Andrieu_2008,
   title={Homogeneous Approximation, Recursive Observer Design, and Output Feedback},
   volume={47},
   ISSN={1095-7138},
   url={http://dx.doi.org/10.1137/060675861},
   DOI={10.1137/060675861},
   number={4},
   journal={SIAM Journal on Control and Optimization},
   publisher={Society for Industrial & Applied Mathematics (SIAM)},
   author={Andrieu, Vincent and Praly, Laurent and Astolfi, Alessandro},
   year={2008},
   month=jan, pages={1814â€“1850}
}
@misc{vanwaarde2023informativity,
      title={The informativity approach to data-driven analysis and control}, 
      author={Henk J. van Waarde and Jaap Eising and M. Kanat Camlibel and Harry L. Trentelman},
      year={2023},
      eprint={2302.10488},
      archivePrefix={arXiv},
      primaryClass={math.OC}
}
@ARTICLE{6104367,

  author={Polyakov, Andrey},

  journal={IEEE Transactions on Automatic Control}, 

  title={Nonlinear Feedback Design for Fixed-Time Stabilization of Linear Control Systems}, 

  year={2012},

  volume={57},

  number={8},

  pages={2106-2110},

  doi={10.1109/TAC.2011.2179869}}



@ARTICLE{8933093,

  author={De Persis, Claudio and Tesi, Pietro},

  journal={IEEE Transactions on Automatic Control}, 

  title={Formulas for Data-Driven Control: Stabilization, Optimality, and Robustness}, 

  year={2020},

  volume={65},

  number={3},

  pages={909-924},

  doi={10.1109/TAC.2019.2959924}}



@book{book,
author = {Astolfi, Alessandro and Karagiannis, Dimitrios and Ortega, Romeo},
publisher={Springer London},
year = {2007},
month = {01},
pages = {},
title = {Nonlinear and Adaptive Control with Applications},
isbn = {978-1-84800-065-0},
journal = {Nonlinear and Adaptive Control with Applications, by A. Astolfi, D. Karagiannis, and R. Ortega. ISBN: 978-1-84800-065-0},
doi = {10.1007/978-1-84800-066-7}
}


@INPROCEEDINGS{8619347,
  author={Pang, Bo and Bian, Tao and Jiang, Zhong-Ping},
  booktitle={2018 IEEE Conference on Decision and Control (CDC)}, 
  title={Data-driven Finite-horizon Optimal Control for Linear Time-varying Discrete-time Systems}, 
  year={2018},
  volume={},
  number={},
  pages={861-866},
  doi={10.1109/CDC.2018.8619347}}
@ARTICLE{4026648,
  author={Hong, Yiguang and Jiang, Zhong-Ping},
  journal={IEEE Transactions on Automatic Control}, 
  title={Finite-Time Stabilization of Nonlinear Systems With Parametric and Dynamic Uncertainties}, 
  year={2006},
  volume={51},
  number={12},
  pages={1950-1956},
  doi={10.1109/TAC.2006.886515}}
@INPROCEEDINGS{7402097,
  author={Padoan, Alberto and Astolfi, Alessandro},
  booktitle={2015 54th IEEE Conference on Decision and Control (CDC)}, 
  title={Towards deterministic subspace identification for autonomous nonlinear systems}, 
  year={2015},
  volume={},
  number={},
  pages={127-132},
  doi={10.1109/CDC.2015.7402097}}
@INPROCEEDINGS{9029697,
  author={Tahirovic, Adnan and Astolfi, Alessandro},
  booktitle={2019 IEEE 58th Conference on Decision and Control (CDC)}, 
  title={Optimal Control for Continuous-time Nonlinear Systems based on a Linear-like Policy Iteration}, 
  year={2019},
  volume={},
  number={},
  pages={5238-5243},
  doi={10.1109/CDC40024.2019.9029697}}
@ARTICLE{6145614,
  author={Sassano, Mario and Astolfi, Alessandro},
  journal={IEEE Transactions on Automatic Control}, 
  title={Dynamic Approximate Solutions of the HJ Inequality and of the HJB Equation for Input-Affine Nonlinear Systems}, 
  year={2012},
  volume={57},
  number={10},
  pages={2490-2503},
  doi={10.1109/TAC.2012.2186716}}
@ARTICLE{7902166,
  author={Padoan, Alberto and Scarciotti, Giordano and Astolfi, Alessandro},
  journal={IEEE Transactions on Automatic Control}, 
  title={A Geometric Characterization of the Persistence of Excitation Condition for the Solutions of Autonomous Systems}, 
  year={2017},
  volume={62},
  number={11},
  pages={5666-5677},
  doi={10.1109/TAC.2017.2687760}}
@article{JIANG20122699,
title = {Computational adaptive optimal control for continuous-time linear systems with completely unknown dynamics},
journal = {Automatica},
volume = {48},
number = {10},
pages = {2699-2704},
year = {2012},
issn = {0005-1098},
doi = {https://doi.org/10.1016/j.automatica.2012.06.096},
url = {https://www.sciencedirect.com/science/article/pii/S0005109812003664},
author = {Yu Jiang and Zhong-Ping Jiang},
keywords = {Adaptive optimal control, Policy iterations, Linear-quadratic regulator (LQR)},
abstract = {This paper presents a novel policy iteration approach for finding online adaptive optimal controllers for continuous-time linear systems with completely unknown system dynamics. The proposed approach employs the approximate/adaptive dynamic programming technique to iteratively solve the algebraic Riccati equation using the online information of state and input, without requiring the a priori knowledge of the system matrices. In addition, all iterations can be conducted by using repeatedly the same state and input information on some fixed time intervals. A practical online algorithm is developed in this paper, and is applied to the controller design for a turbocharged diesel engine with exhaust gas recirculation. Finally, several aspects of future work are discussed.}
}

